@misc{cernbro,
  author =	 "\textsc{Cern}",
  title =	 "The {LHC} Guide",
  howpublished = "\textsc{Cern} website",
  url =
                  "http://cds.cern.ch/record/1165534/files/CERN-Brochure-2009-003-Eng.pdf"
}

@webpage{atlasweb,
    author      = "{\textsc{Atlas} Collaboration}",
    title       = "{\textsc{Atlas}} website",
    url         = "atlas.ch"
}

@inbook{fernow:sampcal,
    chapter     = "11",
    crossref    = "fernowepp"
}

@book{fernowepp,
    author      = "Fernow, Richard",
    title       = "Introduction to experimental particle physics",
    publisher   = "Cambridge University Press",
    year        = "1986"
}

@mastersthesis{egede,
    author      = "Egede, Ulrik",
    title       = "The search for a standard model {H}iggs at the {LHC} and electron identification using transition radiation in the {\textsc{atlas}} tracker",
    year        = "1997",
    school      = "Lund Univerity",
    url         = "http://www.hep.lu.se/atlas/thesis/egede/thesis.html"
}

@webpage{root,
    author      = "\textsc{Cern}",
    title       = "ROOT website",
    url         = "root.cern.ch"
}

@article{rizzo,
  title = {Diphoton production at hadron colliders and new contact interactions},
  author = {Rizzo, Thomas G.},
  journal = {Phys. Rev. D},
  volume = {51},
  issue = {3},
  pages = {1064--1067},
  numpages = {0},
  year = {1995},
  month = {Feb},
  publisher = {American Physical Society},
  doi = {10.1103/PhysRevD.51.1064},
  url = {http://link.aps.org/doi/10.1103/PhysRevD.51.1064}
}

@article{fdirect,
    title       = {First evidence of direct diphoton production in pp collisions at $\sqrt{s} = 7$ TeV in {\textsc{atlas}}},
    author      = {Aurousseau, M. and Berger, N. and Erdmann, J. and Escalier, M. and Fanti, M. and Kado, M. and Lafaye, R. and Laplace, S. and Roos, L. and Yuan, L.},
    journal     = {{\textsc{Atlas}} note},
    year        = {2010},
}

@article{cmsabcd,
    title       = {Data driven methods for {QCD} background estimation in electroweak muon analysis; the {ABCD} and the template methods},
    author      = {Cepeda, M. and Goy, S. and Vileda, A. and Alcanz, J. and de la Cruz, B. and Josa, M. I.},
    journal     = {{CMS} Analysis Note},
    year        = {2008},
    number      = {CMS-AN-2008-113},
}

@article{lanhep,
      author         = "Semenov, A.",
      title          = "{LanHEP: A Package for the automatic generation of
                        Feynman rules in field theory. Version 3.0}",
      journal        = "Comput.Phys.Commun.",
      volume         = "180",
      pages          = "431-454",
      doi            = "10.1016/j.cpc.2008.10.012",
      year           = "2009",
      eprint         = "0805.0555",
      archivePrefix  = "arXiv",
      primaryClass   = "hep-ph",
      reportNumber   = "LAPTH-1249-08",
      SLACcitation   = "%%CITATION = ARXIV:0805.0555;%%",
      url            = "http://theory.sinp.msu.ru/~semenov/lanhep.html"
}

@webpage{scien2,
    author      = "Doringo, Thomas",
    title       = "A fascinating new higgs boson search by the dzero
experiment",
    note        = "Science 2.0",
    url         = "http://www.science20.com/
quantum_diaries_survivor/fascinating_new_higgs_boson_
search_dzero_experiment"
}

@inbook{marshaw:zerorange,
    chapter     = "1",
    crossref    = "marshaw"
}

@inbook{marshaw:invmass,
    chapter     = "A",
    crossref    = "marshaw"
}

@book{marshaw,
    author      = "Martin, B. R. and Shaw, G.",
    title       = "Particle Physics",
    edition     = "Third",
    year        = "2008",
    publisher   = "Wiley"
}

@inbook{green:eta,
    chapter     = "2",
    crossref    = "greenhpt"
}

@inbook{green:y,
    chapter     = "C",
    crossref    = "greenhpt"
}


@book{greenhpt,
    author      = "Green, Dan",
    title       = "High $p_T$ Physics at Hadron Colliders",
    year        = "2005",
    publisher   = "Cambridge University Press"
}

@book{goldstein,
    abstract = {For thirty years this has been the acknowledged standard in advanced classical
mechanics courses. This classic book enables readers to make connections
between classical and modern physics - an indispensable part of a physicist's
education. In this new edition, Beams Medal winner Charles Poole and John
Safko have updated the book to include the latest topics, applications, and
notation, to reflect today's physics curriculum. They introduce readers to the
increasingly important role that nonlinearities play in contemporary
applications of classical mechanics. New numerical exercises help readers to
develop skills in how to use computer techniques to solve problems in physics.
Mathematical techniques are presented in detail so that the book remains fully
accessible to readers who have not had an intermediate course in classical
mechanics. For college instructors and students.},
    author = {Goldstein, Herbert and Poole, Charles P. and Safko, John L.},
    citeulike-article-id = {556678},
    citeulike-linkout-0 = {http://www.amazon.ca/exec/obidos/redirect?tag=citeulike09-20\&amp;path=ASIN/0201657023},
    citeulike-linkout-1 = {http://www.amazon.de/exec/obidos/redirect?tag=citeulike01-21\&amp;path=ASIN/0201657023},
    citeulike-linkout-2 = {http://www.amazon.fr/exec/obidos/redirect?tag=citeulike06-21\&amp;path=ASIN/0201657023},
    citeulike-linkout-3 = {http://www.amazon.jp/exec/obidos/ASIN/0201657023},
    citeulike-linkout-4 = {http://www.amazon.co.uk/exec/obidos/ASIN/0201657023/citeulike00-21},
    citeulike-linkout-5 = {http://www.amazon.com/exec/obidos/redirect?tag=citeulike07-20\&path=ASIN/0201657023},
    citeulike-linkout-6 = {http://www.worldcat.org/isbn/0201657023},
    citeulike-linkout-7 = {http://books.google.com/books?vid=ISBN0201657023},
    citeulike-linkout-8 = {http://www.amazon.com/gp/search?keywords=0201657023\&index=books\&linkCode=qs},
    citeulike-linkout-9 = {http://www.librarything.com/isbn/0201657023},
    day = {25},
    edition = {3rd},
    howpublished = {Hardcover},
    isbn = {0201657023},
    month = jun,
    posted-at = {2010-06-16 13:57:35},
    priority = {0},
    publisher = {Addison-Wesley},
    title = {Classical Mechanics},
    url = {http://www.worldcat.org/isbn/0201657023},
    year = {2001}
}

@inbook{sred:ff,
    crossref    = "srednicki",
    chapter     = "8"
}

@inbook{sred:tramp,
    crossref    = "srednicki",
    chapter     = "6"
}

@inbook{sred:freediagexp,
    crossref    = "srednicki",
    chapter     = "9"
}

@inbook{sred:fullsm,
    crossref    = "srednicki",
    chapter     = "87-89"
}

@book{srednicki,
    author      = "Srednicki, Mark",
    title       = "Quantum Field Theory",
    year        = "2010",
    edition     = "Fourth edition",
    publisher   = "Cambridge University Press"
}

@article{calchep,
      author         = "Belyaev, Alexander and Christensen, Neil D. and Pukhov,
                        Alexander",
      title          = "{CalcHEP 3.4 for collider physics within and beyond the
                        Standard Model}",
      journal        = "Comput.Phys.Commun.",
      volume         = "184",
      pages          = "1729-1769",
      codoi            = "10.1016/j.cpc.2013.01.014",
      year           = "2013",
      eprint         = "1207.6082",
      archivePrefix  = "arXiv",
      primaryClass   = "hep-ph",
      reportNumber   = "PITT-PACC-1209",
      SLACcitation   = "%%CITATION = ARXIV:1207.6082;%%",
      url            = "http://theory.sinp.msu.ru/~pukhov/calchep.html"
}

@article{rutherford,
    author      = "Rutherford, Ernest",
    title       = "The Scattering of $\alpha$ and $\beta$ Particles by Matter and the Structure of the Atom",
    journal     = "Philosophical Magazine",
    volume      = "21",
    series      = "6",
    month       = "May",
    year        = "1911",
    url         = "http://www.lawebdefisica.com/arts/structureatom.pdf",
}

@webpage{pythia,
    author      = "Sjöstrand, Torbjörn",
    title       = "Pythia Website",
    url         = "http://home.thep.lu.se/~torbjorn/Pythia.html"
}

@inbook{griffiths:gauss,
  crossref  = "griffiths",
  pages     = "back cover"
}

@book{griffiths,
  title={Introduction to quantum mechanics},
  author={Griffiths, D.J.},
  isbn={9780131118928},
  lccn={30271100},
  url={http://books.google.dk/books?id=-BsvAQAAIAAJ},
  year={2005},
  publisher={Pearson Prentice Hall}
}

@book{barlow,
  title={Statistics: A guide to the use of statistical methods in the physical sciences},
  author={Barlow, R. J.},
  isbn={0471922951},
  year={1989},
  publisher={Wiley}
}

@webpage{wikism,
  author    = {Wikipedia},
  title     = {Standard Model},
  url       = {http://en.wikipedia.org/w/index.php?title=Standard_Model&oldid=592640485},
  lastchecked={15 February 2014}
}

@webpage{wiki.feydiag,
  author    = {Wikipedia},
  title     = {Feynman Diagram},
  url       = {http://en.wikipedia.org/w/index.php?title=Feynman_diagram&oldid=594725885#Path_integral_formulation},
  lastchecked={26 February 2014}
}

@article{pdg,
  author={A B Balantekin and Particle Data Group},
  title={Review of Particle Physics},
  journal={Journal of Physics G: Nuclear and Particle Physics},
  volume={33},
  year={2006},
}

@unpublished{armbjorn,
    author      = "Armbjørn, Jan and Petersen, Jens Lyng",
    title       = "Quantum Field Theory",
    year        = "1999",
    note        = "Lecture notes, University of Copenhagen"
}

@techreport{Carminati,
      author        = "Carminati, L and Delmastro, M and Hance, M and Jimenez
                       Belenguer, M and Ishmukhametov, R and Liang, Z and
                       Marchiori, G and Perez Reale, V and Malinsky, D and
                       Tripiana, M and Unal, G",
      title         = "Reconstruction and Identification Efficiency of Inclusive
                       Isolated Photons",
      institution   = "CERN",
      address       = "Geneva",
      number        = "ATL-COM-PHYS-2010-803",
      month         = "Oct",
      year          = "2010",
}

@webpage{wolframip,
    author  = "Wolfram|Alpha",
    url     = {http://www.wolframalpha.com/input/?i=1.6MiB%2F50ns},
    lastchecked = {30 october 2014}
}

@article{detectorpaper,
  author="{\textsc{Atlas} Collaboration}",
  title={The {\textsc{atlas}} Experiment at the {\textsc{cern}} {L}arge {H}adron {C}ollider},
  journal={Journal of Instrumentation},
  volume={3},
  number={08},
  pages={S08003},
  url={http://stacks.iop.org/1748-0221/3/i=08/a=S08003},
  year={2008},
  abstract={The \textsc{atlas} detector as installed in its experimental cavern at point 1 at \textsc{cern} is described in this paper. A brief overview of the expected performance of the detector when the Large Hadron Collider begins operation is also presented.}
}

@article{madgraph5,
      author         = "Alwall, Johan and Herquet, Michel and Maltoni, Fabio and
                        Mattelaer, Olivier and Stelzer, Tim",
      title          = "{MadGraph 5 : Going Beyond}",
      journal        = "JHEP",
      volume         = "1106",
      pages          = "128",
      doi            = "10.1007/JHEP06(2011)128",
      year           = "2011",
      eprint         = "1106.0522",
      archivePrefix  = "arXiv",
      primaryClass   = "hep-ph",
      reportNumber   = "FERMILAB-PUB-11-448-T",
      SLACcitation   = "%%CITATION = ARXIV:1106.0522;%%",
      url            = "http://madgraph.hep.uiuc.edu/",
}

@article{feynrules,
      author         = "Alloul, Adam and Christensen, Neil D. and Degrande,
                        Celine and Duhr, Claude and Fuks, Benjamin",
      title          = "{FeynRules 2.0 - A complete toolbox for tree-level
                        phenomenology}",
      year           = "2013",
      eprint         = "1310.1921",
      archivePrefix  = "arXiv",
      primaryClass   = "hep-ph",
      reportNumber   = "CERN-PH-TH-2013-239, MCNET-13-14, IPPP-13-71,
                        DCPT-13-142, --PITT-PACC-1308",
      SLACcitation   = "%%CITATION = ARXIV:1310.1921;%%",
      url            = "http://feynrules.irmp.ucl.ac.be/",
}

@webpage{sherpa,
    author      = "{Sherpa team}",
    title       = "Sherpa website",
    url         = "http://www.sherpa-mc.de/",
}

@article{geant4,
title = "Geant4—a simulation toolkit ",
journal = "Nuclear Instruments and Methods in Physics Research Section A: Accelerators, Spectrometers, Detectors and Associated Equipment ",
volume = "506",
number = "3",
pages = "250 - 303",
year = "2003",
note = "",
issn = "0168-9002",
doi = "http://dx.doi.org/10.1016/S0168-9002(03)01368-8",
url = "http://www.sciencedirect.com/science/article/pii/S0168900203013688",
author = "S. Agostinelli and J. Allison and K. Amako and J. Apostolakis and H. Araujo and P. Arce and M. Asai and D. Axen and S. Banerjee and G. Barrand and F. Behner and L. Bellagamba and J. Boudreau and L. Broglia and A. Brunengo and H. Burkhardt and S. Chauvie and J. Chuma and R. Chytracek and G. Cooperman and G. Cosmo and P. Degtyarenko and A. Dell'Acqua and G. Depaola and D. Dietrich and R. Enami and A. Feliciello and C. Ferguson and H. Fesefeldt and G. Folger and F. Foppiano and A. Forti and S. Garelli and S. Giani and R. Giannitrapani and D. Gibin and J.J. Gómez Cadenas and I. González and G. Gracia Abril and G. Greeniaus and W. Greiner and V. Grichine and A. Grossheim and S. Guatelli and P. Gumplinger and R. Hamatsu and K. Hashimoto and H. Hasui and A. Heikkinen and A. Howard and V. Ivanchenko and A. Johnson and F.W. Jones and J. Kallenbach and N. Kanaya and M. Kawabata and Y. Kawabata and M. Kawaguti and S. Kelner and P. Kent and A. Kimura and T. Kodama and R. Kokoulin and M. Kossov and H. Kurashige and E. Lamanna and T. Lampén and V. Lara and V. Lefebure and F. Lei and M. Liendl and W. Lockman and F. Longo and S. Magni and M. Maire and E. Medernach and K. Minamimoto and P. Mora de Freitas and Y. Morita and K. Murakami and M. Nagamatu and R. Nartallo and P. Nieminen and T. Nishimura and K. Ohtsubo and M. Okamura and S. O'Neale and Y. Oohata and K. Paech and J. Perl and A. Pfeiffer and M.G. Pia and F. Ranjard and A. Rybin and S. Sadilov and E. Di Salvo and G. Santin and T. Sasaki and N. Savvas and Y. Sawada and S. Scherer and S. Sei and V. Sirotenko and D. Smith and N. Starkov and H. Stoecker and J. Sulkimo and M. Takahata and S. Tanaka and E. Tcherniaev and E. Safai Tehrani and M. Tropeano and P. Truscott and H. Uno and L. Urban and P. Urban and M. Verderi and A. Walkden and W. Wander and H. Weber and J.P. Wellisch and T. Wenaus and D.C. Williams and D. Wright and T. Yamada and H. Yoshida and D. Zschiesche",
keywords = "Simulation",
keywords = "Particle interactions",
keywords = "Geometrical modelling",
keywords = "Software engineering",
keywords = "Object-oriented technology",
keywords = "Distributed software development "
}

@article{rivet,
      author         = "Buckley, Andy and Butterworth, Jonathan and Lonnblad,
                        Leif and Grellscheid, David and Hoeth, Hendrik and others",
      title          = "{Rivet user manual}",
      journal        = "Comput.Phys.Commun.",
      volume         = "184",
      pages          = "2803-2819",
      doi            = "10.1016/j.cpc.2013.05.021",
      year           = "2013",
      eprint         = "1003.0694",
      archivePrefix  = "arXiv",
      primaryClass   = "hep-ph",
      reportNumber   = "MCNET-10-03",
      SLACcitation   = "%%CITATION = ARXIV:1003.0694;%%",
}


@article{collinssoper,
  title={Angular distribution of dileptons in high-energy hadron collisions},
  author={Collins, John C. and Soper, Davison E.},
  journal={PHYSICAL REVIEW D},
  volume={16},
  number={7},
  year={1977}
}

@article{pythman,
  author={Torbjörn Sjöstrand and Stephen Mrenna and Peter Skands},
  title={PYTHIA 6.4 physics and manual},
  journal={Journal of High Energy Physics},
  volume={2006},
  number={05},
  pages={026},
  url={http://stacks.iop.org/1126-6708/2006/i=05/a=026},
  year={2006},
  abstract={The Pythia program can be used to generate high-energy-physics `events', i.e. sets of outgoing particles produced in the interactions between two incoming particles. The objective is to provide as accurate as possible a representation of event properties in a wide range of reactions, within and beyond the Standard Model, with emphasis on those where strong interactions play a rôle, directly or indirectly, and therefore multihadronic final states are produced. The physics is then not understood well enough to give an exact description; instead the program has to be based on a combination of analytical results and various QCD-based models. This physics input is summarized here, for areas such as hard subprocesses, initial- and final-state parton showers, underlying events and beam remnants, fragmentation and decays, and much more. Furthermore, extensive information is provided on all program elements: subroutines and functions, switches and parameters, and particle and process data. This should allow the user to tailor the generation task to the topics of interest. The code and further information may be found on the Pythia web page: http://www.thep.lu.se/~torbjorn/Pythia.html [http://www.thep.lu.se/~torbjorn/Pythia.html] .}
}

@misc{zep,
    author  = {Dieter Zeppenfeld},
    title   = {{PiTP} Lectures},
    year    = {2005},
    url     = {http://www.gk-eichtheorien.physik.uni-mainz.de/Dateien/Zeppenfeld-3.pdf}
}



@webpage{publiclumi,
  author =	 "{\textsc{Atlas} Collaboration}",
  title =	 "Luminosity Public Results",
  howpublished = "\textsc{Atlas} Twiki",
  url =          "https://twiki.cern.ch/twiki/bin/view/AtlasPublic/LuminosityPublicResults"
}

@webpage{durpdf,
  author        = "Durham {HEPData} Project",
  title         = "{PDF} Plotter",
  url           = "http://hepdata.cedar.ac.uk/pdf/pdf3.html"
}

@webpage{cernexps,
  author        = "{\textsc{Cern}}",
  howpublished  = "{\textsc{Cern}} website",
  title         = "Experiments | {\textsc{cern}}",
  url           = "http://home.web.cern.ch/about/experiments"
}

@techreport{phorec_old,
      author        = "Abreu, H and Brelier, B and Dao, V and Delmastro, M and
                       Fanti, M and Hartert, J and Marchiori, G and Koffas, T and
                       Marchand, JF and Martin, F and Perez Reale, V and Tackmann,
                       K and Trinh, N and Wang, H and Wielers, M and Wu, SL and
                       Yuan, L",
      title         = "Expected photon performance in the {\textsc{atlas}} experiment",
      institution   = "CERN",
      address       = "Geneva",
      number        = "ATL-COM-PHYS-2010-240",
      month         = "May",
      year          = "2010",
}

@Booklet{phorec,
    author         = "{\Atlas{} Collaboration}",
    title          = "{Expected photon performance in the \atlas{} experiment}",
    howpublished   = "{ATL-PHYS-PUB-2011-007}",
    url            = "http://cdsweb.cern.ch/record/1345329",
    year           = "2011",
}

@inbook{atlascluster:sw,
    crossref    = "atlascluster",
    chapter     = "2.1",
}

@techreport{atlascluster,
      author        = "Lampl, W and Laplace, S and Lelas, D and Loch, P and Ma, H
                       and Menke, S and Rajagopalan, S and Rousseau, D and Snyder,
                       S and Unal, G",
      title         = "{Calorimeter Clustering Algorithms: Description and
                       Performance}",
      institution   = "CERN",
      address       = "Geneva",
      number        = "ATL-LARG-PUB-2008-002. ATL-COM-LARG-2008-003",
      month         = "Apr",
      year          = "2008",
      reportNumber  = "ATL-LARG-PUB-2008-002",
      url           = "https://cds.cern.ch/record/1099735",
}

@techreport{pileuprew,
      author        = "Buttinger, William",
      title         = "{Using Event Weights to account for differences in
                       Instantaneous Luminosity and Trigger Prescale in Monte
                       Carlo and Data}",
      institution   = "CERN",
      address       = "Geneva",
      number        = "ATL-COM-SOFT-2015-119",
      month         = "May",
      year          = "2015",
      reportNumber  = "ATL-COM-SOFT-2015-119",
      url           = "https://cds.cern.ch/record/2014726",
}

@article{ecalib,
      author         = "{\textsc{Atlas} Collaboration}",
      title          = "{Electron and photon energy calibration with the \textsc{atlas}
                        detector using LHC Run 1 data}",
      collaboration  = "ATLAS",
      journal        = "Eur. Phys. J.",
      volume         = "C74",
      year           = "2014",
      number         = "10",
      pages          = "3071",
      doi            = "10.1140/epjc/s10052-014-3071-4",
      eprint         = "1407.5063",
      archivePrefix  = "arXiv",
      primaryClass   = "hep-ex",
      reportNumber   = "CERN-PH-EP-2014-153",
      SLACcitation   = "%%CITATION = ARXIV:1407.5063;%%"
}

@article{allfeynrules,
      author         = "Romao, Jorge C. and Silva, Joao P.",
      title          = "{A resource for signs and Feynman diagrams of the
                        Standard Model}",
      journal        = "Int. J. Mod. Phys.",
      volume         = "A27",
      year           = "2012",
      pages          = "1230025",
      doi            = "10.1142/S0217751X12300256",
      eprint         = "1209.6213",
      archivePrefix  = "arXiv",
      primaryClass   = "hep-ph",
      SLACcitation   = "%%CITATION = ARXIV:1209.6213;%%"
}

@article{allfrules,
      author         = "Romao, Jorge C. and Silva, Joao P.",
      title          = "{A resource for signs and Feynman diagrams of the
                        Standard Model}",
      journal        = "Int. J. Mod. Phys.",
      volume         = "A27",
      year           = "2012",
      pages          = "1230025",
      doi            = "10.1142/S0217751X12300256",
      eprint         = "1209.6213",
      archivePrefix  = "arXiv",
      primaryClass   = "hep-ph",
      SLACcitation   = "%%CITATION = ARXIV:1209.6213;%%"
}
